<?xml version="1.0" encoding="UTF-8"?>
<collection xmlns:xsi="http://www.w3.org/2001/XMLSchema-instance" xsi:schemaLocation="http://www.loc.gov/MARC21/slim http://www.loc.gov/standards/marcxml/schema/MARC21slim.xsd" xmlns="http://www.loc.gov/MARC21/slim">
<record>
  <leader>00937cam a22002531  4500</leader>
  <controlfield tag="001">5961440</controlfield>
  <controlfield tag="003">NNC</controlfield>
  <controlfield tag="005">20141105085231.0</controlfield>
  <controlfield tag="008">810828m19639999sy ac    b    000 0 arar </controlfield>
  <datafield tag="010" ind1=" " ind2=" ">
    <subfield code="a">ne 64003200 </subfield>
  </datafield>
  <datafield tag="035" ind1=" " ind2=" ">
    <subfield code="a">(OCoLC)ocm07710329</subfield>
  </datafield>
  <datafield tag="035" ind1=" " ind2=" ">
    <subfield code="a">(NNC)5961440</subfield>
  </datafield>
  <datafield tag="040" ind1=" " ind2=" ">
    <subfield code="a">DLC</subfield>
    <subfield code="c">TKN</subfield>
    <subfield code="d">DLC</subfield>
    <subfield code="d">OCLCQ</subfield>
    <subfield code="d">ZCU</subfield>
  </datafield>
  <datafield tag="043" ind1=" " ind2=" ">
    <subfield code="a">a-sy---</subfield>
  </datafield>
  <datafield tag="050" ind1="0" ind2="0">
    <subfield code="a">DS99.M2</subfield>
    <subfield code="b">J8</subfield>
  </datafield>
  <datafield tag="100" ind1="1" ind2=" ">
    <subfield code="a">Jundī, Muḥammad Salīm.</subfield>
  </datafield>
  <datafield tag="245" ind1="1" ind2="0">
    <subfield code="a">Tārīkh Maʻarrat al-Nuʻmān,</subfield>
    <subfield code="c">[taʾlīf] Muḥammad Salīm al-Jundī. Haqqaqahu waʻallaqa alayh wa-wa-ḍaʻa fahārisahū ʻOmar Riḍa Kaḥalah.</subfield>
  </datafield>
  <datafield tag="260" ind1=" " ind2=" ">
    <subfield code="a">Dimashq [Syria]</subfield>
    <subfield code="b">Wazarat al-thaqafah wa-al-Irshad al-Qawmī, Mudīrīyat al-taʾlīf wa-al-tarjamah.</subfield>
    <subfield code="c">1963-</subfield>
  </datafield>
  <datafield tag="300" ind1=" " ind2=" ">
    <subfield code="a">v.</subfield>
    <subfield code="b">illus., port.</subfield>
    <subfield code="c">26 cm.</subfield>
  </datafield>
  <datafield tag="490" ind1="1" ind2=" ">
    <subfield code="a">Silsilat bilādinā,</subfield>
    <subfield code="v">4</subfield>
  </datafield>
  <datafield tag="504" ind1=" " ind2=" ">
    <subfield code="a">Includes bibliographical references.</subfield>
  </datafield>
  <datafield tag="651" ind1=" " ind2="0">
    <subfield code="a">Maʻarrat al-Nuʻmān (Syria)</subfield>
  </datafield>
  <datafield tag="830" ind1=" " ind2="0">
    <subfield code="a">Silsilat bilādunā ;</subfield>
    <subfield code="v">4.</subfield>
  </datafield>
  <datafield tag="955" ind1=" " ind2=" ">
    <subfield code="b">0026813505</subfield>
    <subfield code="d">glx</subfield>
    <subfield code="e">956.9 Sy21 v.4</subfield>
    <subfield code="v">pt.1</subfield>
  </datafield>
</record>
</collection>